<?xml version="1.0" encoding="UTF-8"?><record xmlns="http://www.loc.gov/MARC21/slim" xmlns:cinclude="http://apache.org/cocoon/include/1.0" xmlns:zs="http://www.loc.gov/zing/srw/">
  <leader>00615cz  a2200145n  4500</leader>
  <controlfield tag="001">n 2010163522</controlfield>
  <controlfield tag="003">DLC</controlfield>
  <controlfield tag="005">20110510074725.0</controlfield>
  <controlfield tag="008">110107n| acannaabn          |a ana      </controlfield>
  <datafield tag="010" ind1=" " ind2=" ">
    <subfield code="a">n 2010163522</subfield>
  </datafield>
  <datafield tag="040" ind1=" " ind2=" ">
    <subfield code="a">DLC</subfield>
    <subfield code="b">eng</subfield>
    <subfield code="c">DLC</subfield>
    <subfield code="d">DLC</subfield>
  </datafield>
  <datafield tag="110" ind1="2" ind2=" ">
    <subfield code="a">Maluku Barat Daya (Indonesia : Kabupaten)</subfield>
  </datafield>
  <datafield tag="410" ind1="2" ind2=" ">
    <subfield code="a">Kabupaten MBD (Indonesia)</subfield>
  </datafield>
  <datafield tag="670" ind1=" " ind2=" ">
    <subfield code="a">Gugusan pulau kecil terluar benteng selatan Nusantara, 2009:</subfield>
    <subfield code="b">t.p. (Kabupaten Maluku Barat Daya) p. 3, etc. (est. based on Undang-Undang Nomor 31 Tahun 2008, resulted from territorial proliferation of Maluku Tenggara Barat Regency; Kabupaten MBD)</subfield>
  </datafield>
  <datafield tag="675" ind1=" " ind2=" ">
    <subfield code="a">GEOnet, Jan. 27, 2011.</subfield>
  </datafield>
</record>